% Encoding: UTF-8

@Misc{fox6,
  author = {Geoffrey Fox},
  title  = {Unit 6 Lectures},
}

@article{watson1953molecular,
  title={Molecular structure of nucleic acids},
  author={Watson, James D and Crick, Francis HC and others},
  journal={Nature},
  volume={171},
  number={4356},
  pages={737--738},
  year={1953}
}

@Article{centers2014national,
  author  = {Centers for Medicare \& Medicaid Services and others},
  title   = {National health expenditures 2012 highlights},
  journal = {Online verf{\"u}gbar unter http://www. cms. gov/Research-Statistics-Data-and-Systems/Statistics-Trends-and-Reports/National-HealthExpendData/Downloads/highlights. pdf},
  year    = {2014},
}

@Article{kokkonen2013use,
  author    = {Kokkonen, Erik WJ and Davis, Scott A and Lin, Hsien-Chang and Dabade, Tushar S and Feldman, Steven R and Fleischer, Alan B},
  title     = {Use of electronic medical records differs by specialty and office settings},
  journal   = {Journal of the American Medical Informatics Association},
  year      = {2013},
  volume    = {20},
  number    = {e1},
  pages     = {e33--e38},
  publisher = {The Oxford University Press},
}

@Unpublished{wiki-uptodate,
  author = {Wikipedia},
  title  = {UpToDate},
  note   = {Wikipedia: The Free Encyclopedia. Wikimedia Foundation, Inc. 22 July 2004. Web. 2 Sept. 2016.},
  url    = {https://en.wikipedia.org/wiki/UpToDate},
}

@Article{collins2003human,
  author    = {Collins, Francis S and Morgan, Michael and Patrinos, Aristides},
  title     = {The Human Genome Project: lessons from large-scale biology},
  journal   = {Science},
  year      = {2003},
  volume    = {300},
  number    = {5617},
  pages     = {286--290},
  publisher = {American Association for the Advancement of Science},
}

@Article{hernandez2016pediatric,
  author    = {Hernandez, Maria and Hojman, Nayla and Sadorra, Candace and Dharmar, Madan and Nesbitt, Thomas S and Litman, Rebecca and Marcin, James P},
  title     = {Pediatric critical care telemedicine program: A single institution review},
  journal   = {Telemedicine and e-Health},
  year      = {2016},
  volume    = {22},
  number    = {1},
  pages     = {51--55},
  publisher = {Mary Ann Liebert, Inc. 140 Huguenot Street, 3rd Floor New Rochelle, NY 10801 USA},
}

@Article{ginsberg2009detecting,
  author    = {Ginsberg, Jeremy and Mohebbi, Matthew H and Patel, Rajan S and Brammer, Lynnette and Smolinski, Mark S and Brilliant, Larry},
  title     = {Detecting influenza epidemics using search engine query data},
  journal   = {Nature},
  year      = {2009},
  volume    = {457},
  number    = {7232},
  pages     = {1012--1014},
  publisher = {Nature Publishing Group},
}

@Unpublished{wiki-personalized,
  author = {Wikipedia},
  title  = {Personalized Medicine},
  url    = {https://en.wikipedia.org/wiki/Personalized_medicine},
}

@Misc{vanderbilt,
  note = {Vanderbilt University: Introduction to Bioinformatics Course Lectures},
}

@article{saunders2012rapid,
  title={Rapid whole-genome sequencing for genetic disease diagnosis in neonatal intensive care units},
  author={Saunders, Carol Jean and Miller, Neil Andrew and Soden, Sarah Elizabeth and Dinwiddie, Darrell Lee and Noll, Aaron and Alnadi, Noor Abu and Andraws, Nevene and Patterson, Melanie LeAnn and Krivohlavek, Lisa Ann and Fellis, Joel and others},
  journal={Science translational medicine},
  volume={4},
  number={154},
  pages={154ra135--154ra135},
  year={2012},
  publisher={American Association for the Advancement of Science}
}

@article{amann2008single,
  title={Single-cell identification in microbial communities by improved fluorescence in situ hybridization techniques},
  author={Amann, Rudolf and Fuchs, Bernhard M},
  journal={Nature Reviews Microbiology},
  volume={6},
  number={5},
  pages={339--348},
  year={2008},
  publisher={Nature Publishing Group}
}

@article{visscher2012five,
  title={Five years of GWAS discovery},
  author={Visscher, Peter M and Brown, Matthew A and McCarthy, Mark I and Yang, Jian},
  journal={The American Journal of Human Genetics},
  volume={90},
  number={1},
  pages={7--24},
  year={2012},
  publisher={Elsevier}
}

@article{zhang2009copy,
  title={Copy number variation in human health, disease, and evolution},
  author={Zhang, Feng and Gu, Wenli and Hurles, Matthew E and Lupski, James R},
  journal={Annual review of genomics and human genetics},
  volume={10},
  pages={451--481},
  year={2009},
  publisher={Annual Reviews}
}

@article{wapner2012chromosomal,
  title={Chromosomal microarray versus karyotyping for prenatal diagnosis},
  author={Wapner, Ronald J and Martin, Christa Lese and Levy, Brynn and Ballif, Blake C and Eng, Christine M and Zachary, Julia M and Savage, Melissa and Platt, Lawrence D and Saltzman, Daniel and Grobman, William A and others},
  journal={New England Journal of Medicine},
  volume={367},
  number={23},
  pages={2175--2184},
  year={2012},
  publisher={Mass Medical Soc}
}

@article{yang2013clinical,
  title={Clinical whole-exome sequencing for the diagnosis of mendelian disorders},
  author={Yang, Yaping and Muzny, Donna M and Reid, Jeffrey G and Bainbridge, Matthew N and Willis, Alecia and Ward, Patricia A and Braxton, Alicia and Beuten, Joke and Xia, Fan and Niu, Zhiyv and others},
  journal={New England Journal of Medicine},
  volume={369},
  number={16},
  pages={1502--1511},
  year={2013},
  publisher={Mass Medical Soc}
}

@incollection{ng2010whole,
  title={Whole genome sequencing},
  author={Ng, Pauline C and Kirkness, Ewen F},
  booktitle={Genetic variation},
  pages={215--226},
  year={2010},
  publisher={Springer}
}

@article{niemitz2007variants,
  title={Variants of unknown significance},
  author={Niemitz, Emily},
  journal={Nature Genetics},
  volume={39},
  number={11},
  pages={1313--1314},
  year={2007},
  publisher={Nature Publishing Group}
}

@article{wang2009rna,
  title={RNA-Seq: a revolutionary tool for transcriptomics},
  author={Wang, Zhong and Gerstein, Mark and Snyder, Michael},
  journal={Nature reviews genetics},
  volume={10},
  number={1},
  pages={57--63},
  year={2009},
  publisher={Nature Publishing Group}
}

@article{holliday2006epigenetics,
  title={Epigenetics: a historical overview},
  author={Holliday, Robin},
  journal={Epigenetics},
  volume={1},
  number={2},
  pages={76--80},
  year={2006},
  publisher={Taylor \& Francis}
}


@article{gorg2004current,
  title={Current two-dimensional electrophoresis technology for proteomics},
  author={G{\"o}rg, Angelika and Weiss, Walter and Dunn, Michael J},
  journal={Proteomics},
  volume={4},
  number={12},
  pages={3665--3685},
  year={2004},
  publisher={Wiley Online Library}
}

@article{takahashi2007induction,
  title={Induction of pluripotent stem cells from adult human fibroblasts by defined factors},
  author={Takahashi, Kazutoshi and Tanabe, Koji and Ohnuki, Mari and Narita, Megumi and Ichisaka, Tomoko and Tomoda, Kiichiro and Yamanaka, Shinya},
  journal={cell},
  volume={131},
  number={5},
  pages={861--872},
  year={2007},
  publisher={Elsevier}
}

@article{rippon2004embryonic,
  title={Embryonic stem cells},
  author={Rippon, HJ and Bishop, AE},
  journal={Cell proliferation},
  volume={37},
  number={1},
  pages={23--34},
  year={2004},
  publisher={Wiley Online Library}
}

@article{smith2014whole,
  title={Whole-genome sequencing analysis reveals high specificity of CRISPR/Cas9 and TALEN-based genome editing in human iPSCs},
  author={Smith, Cory and Gore, Athurva and Yan, Wei and Abalde-Atristain, Leire and Li, Zhe and He, Chaoxia and Wang, Ying and Brodsky, Robert A and Zhang, Kun and Cheng, Linzhao and others},
  journal={Cell stem cell},
  volume={15},
  number={1},
  pages={12--13},
  year={2014},
  publisher={Elsevier}
}

@article{hockemeyer2009efficient,
  title={Efficient targeting of expressed and silent genes in human ESCs and iPSCs using zinc-finger nucleases},
  author={Hockemeyer, Dirk and Soldner, Frank and Beard, Caroline and Gao, Qing and Mitalipova, Maisam and DeKelver, Russell C and Katibah, George E and Amora, Ranier and Boydston, Elizabeth A and Zeitler, Bryan and others},
  journal={Nature biotechnology},
  volume={27},
  number={9},
  pages={851--857},
  year={2009},
  publisher={Nature Research}
}

@article{ranga2014drug,
  title={Drug discovery through stem cell-based organoid models},
  author={Ranga, Adrian and Gjorevski, Nikolche and Lutolf, Matthias P},
  journal={Advanced drug delivery reviews},
  volume={69},
  pages={19--28},
  year={2014},
  publisher={Elsevier}
}


@article{saeys2007review,
  title={A review of feature selection techniques in bioinformatics},
  author={Saeys, Yvan and Inza, I{\~n}aki and Larra{\~n}aga, Pedro},
  journal={bioinformatics},
  volume={23},
  number={19},
  pages={2507--2517},
  year={2007},
  publisher={Oxford University Press}
}

@article{trapnell2009tophat,
  title={TopHat: discovering splice junctions with RNA-Seq},
  author={Trapnell, Cole and Pachter, Lior and Salzberg, Steven L},
  journal={Bioinformatics},
  volume={25},
  number={9},
  pages={1105--1111},
  year={2009},
  publisher={Oxford University Press}
}

@article{denny2010phewas,
  title={PheWAS: demonstrating the feasibility of a phenome-wide scan to discover gene--disease associations},
  author={Denny, Joshua C and Ritchie, Marylyn D and Basford, Melissa A and Pulley, Jill M and Bastarache, Lisa and Brown-Gentry, Kristin and Wang, Deede and Masys, Dan R and Roden, Dan M and Crawford, Dana C},
  journal={Bioinformatics},
  volume={26},
  number={9},
  pages={1205--1210},
  year={2010},
  publisher={Oxford University Press}
}

@article{zettler201423andme,
  title={23andMe, the Food and Drug Administration, and the future of genetic testing},
  author={Zettler, Patricia J and Sherkow, Jacob S and Greely, Henry T},
  journal={JAMA internal medicine},
  volume={174},
  number={4},
  pages={493--494},
  year={2014},
  publisher={American Medical Association}
}

@article{reis2009next,
  title={Next-generation sequencing},
  author={Reis-Filho, Jorge S},
  journal={Breast Cancer Research},
  volume={11},
  number={3},
  pages={S12},
  year={2009},
  publisher={BioMed Central}
}

@article{schuster2008next,
  title={Next-generation sequencing transforms today's biology},
  author={Schuster, Stephan C},
  journal={Nature methods},
  volume={5},
  number={1},
  pages={16--18},
  year={2008},
  publisher={Nature Publishing Group}
}

@Comment{jabref-meta: databaseType:bibtex;}

