% Encoding: UTF-8

@Misc{,
  author       = {Lyndsey Gilpin},
  title        = {10 big data projects that could help save the planet},
  howpublished = {TechRepublic Magazine},
  month        = nov,
  year         = {2014},
  timestamp    = {Accessed September 6, 2016, 4pm},
  url          = {http://www.techrepublic.com/article/10-big-data-projects-that-could-help-save-the-planet/},
}

@Article{goodall1986chimpanzees,
  author = {Goodall, Jane},
  title  = {The chimpanzees of Gombe: Patterns of behavior},
  year   = {1986},
}

@Article{sullivan2009ebird,
  author    = {Sullivan, Brian L and Wood, Christopher L and Iliff, Marshall J and Bonney, Rick E and Fink, Daniel and Kelling, Steve},
  title     = {eBird: A citizen-based bird observation network in the biological sciences},
  journal   = {Biological Conservation},
  year      = {2009},
  volume    = {142},
  number    = {10},
  pages     = {2282--2292},
  publisher = {Elsevier},
}

@Article{williams2014instantaneous,
  author    = {Williams, Terrie M and Wolfe, Lisa and Davis, Tracy and Kendall, Traci and Richter, Beau and Wang, Yiwei and Bryce, Caleb and Elkaim, Gabriel Hugh and Wilmers, Christopher C},
  title     = {Instantaneous energetics of puma kills reveal advantage of felid sneak attacks},
  journal   = {Science},
  year      = {2014},
  volume    = {346},
  number    = {6205},
  pages     = {81--85},
  publisher = {American Association for the Advancement of Science},
}

@Misc{,
  title        = {The State of the Polar Bear.},
  howpublished = {Periscopic.},
  note         = {Accessed September 6th, 2016.},
  url          = {http://www.periscopic.com/our-work/pbsg.},
}

@Article{fortin2005wolves,
  author    = {Fortin, Daniel and Beyer, Hawthorne L and Boyce, Mark S and Smith, Douglas W and Duchesne, Thierry and Mao, Julie S},
  title     = {Wolves influence elk movements: behavior shapes a trophic cascade in Yellowstone National Park},
  journal   = {Ecology},
  year      = {2005},
  volume    = {86},
  number    = {5},
  pages     = {1320--1330},
  publisher = {Wiley Online Library},
}

@Article{smith2003yellowstone,
  author    = {Smith, Douglas W and Peterson, Rolf O and Houston, Douglas B},
  title     = {Yellowstone after wolves},
  journal   = {BioScience},
  year      = {2003},
  volume    = {53},
  number    = {4},
  pages     = {330--340},
  publisher = {Oxford University Press},
}

@Article{ripple2001trophic,
  author    = {Ripple, William J and Larsen, Eric J and Renkin, Roy A and Smith, Douglas W},
  title     = {Trophic cascades among wolves, elk and aspen on Yellowstone National Park’s northern range},
  journal   = {Biological conservation},
  year      = {2001},
  volume    = {102},
  number    = {3},
  pages     = {227--234},
  publisher = {Elsevier},
}

@Misc{,
  title        = {“Wolf Reintroduction Changes Ecosystem”},
  howpublished = {Yellowstone National Park Website.},
  note         = {Accessed September 8, 2016},
  url          = {http://www.yellowstonepark.com/wolf-reintroduction-changes-ecosystem/},
}

@Misc{,
  title        = {“Grey Wolves in the Northers Rocky Mountains”},
  howpublished = {Fish and Wildlife Service Website.},
  note         = {Accessed September 8, 2016.},
  url          = {https://www.fws.gov/mountain-prairie/es/grayWolf.php.},
}

@Article{schulze2007data,
  author    = {Schulze, Christian and Spilke, Joachim and Lehner, Wolfgang},
  title     = {Data modeling for Precision Dairy Farming within the competitive field of operational and analytical tasks},
  journal   = {Computers and Electronics in Agriculture},
  year      = {2007},
  volume    = {59},
  number    = {1},
  pages     = {39--55},
  publisher = {Elsevier},
}

@Article{bronson2016big,
  author    = {Bronson, Kelly and Knezevic, Irena},
  title     = {Big Data in food and agriculture},
  journal   = {Big Data \& Society},
  year      = {2016},
  volume    = {3},
  number    = {1},
  pages     = {2053951716648174},
  publisher = {SAGE Publications},
}

@Misc{,
  title        = {“Conference Proceedings.”},
  howpublished = {Precision Dairy Farming Conference Website.},
  note         = {Accessed September 8, 2016.},
  url          = {http://www.precisiondairyfarming.com/2015/proceedings/download-or-purchase/},
}

@Article{tesfom2010they,
  author    = {Tesfom, Goitom and Birch, Nancy},
  title     = {Do they buy for their dogs the way they buy for themselves?},
  journal   = {Psychology \& Marketing},
  year      = {2010},
  volume    = {27},
  number    = {9},
  pages     = {898--912},
  publisher = {Wiley Online Library},
}

@Comment{jabref-meta: databaseType:bibtex;}
