% Encoding: UTF-8

@Misc{,
  author = {Geoffrey Fox},
  title  = {Unit 6 Lectures},
}

@Article{centers2014national,
  author  = {Centers for Medicare \& Medicaid Services and others},
  title   = {National health expenditures 2012 highlights},
  journal = {Online verf{\"u}gbar unter http://www. cms. gov/Research-Statistics-Data-and-Systems/Statistics-Trends-and-Reports/National-HealthExpendData/Downloads/highlights. pdf},
  year    = {2014},
}

@Article{kokkonen2013use,
  author    = {Kokkonen, Erik WJ and Davis, Scott A and Lin, Hsien-Chang and Dabade, Tushar S and Feldman, Steven R and Fleischer, Alan B},
  title     = {Use of electronic medical records differs by specialty and office settings},
  journal   = {Journal of the American Medical Informatics Association},
  year      = {2013},
  volume    = {20},
  number    = {e1},
  pages     = {e33--e38},
  publisher = {The Oxford University Press},
}

@Unpublished{,
  author = {Wikipedia},
  title  = {UpToDate},
  note   = {Wikipedia: The Free Encyclopedia. Wikimedia Foundation, Inc. 22 July 2004. Web. 2 Sept. 2016.},
  url    = {https://en.wikipedia.org/wiki/UpToDate},
}

@Article{collins2003human,
  author    = {Collins, Francis S and Morgan, Michael and Patrinos, Aristides},
  title     = {The Human Genome Project: lessons from large-scale biology},
  journal   = {Science},
  year      = {2003},
  volume    = {300},
  number    = {5617},
  pages     = {286--290},
  publisher = {American Association for the Advancement of Science},
}

@Article{hernandez2016pediatric,
  author    = {Hernandez, Maria and Hojman, Nayla and Sadorra, Candace and Dharmar, Madan and Nesbitt, Thomas S and Litman, Rebecca and Marcin, James P},
  title     = {Pediatric critical care telemedicine program: A single institution review},
  journal   = {Telemedicine and e-Health},
  year      = {2016},
  volume    = {22},
  number    = {1},
  pages     = {51--55},
  publisher = {Mary Ann Liebert, Inc. 140 Huguenot Street, 3rd Floor New Rochelle, NY 10801 USA},
}

@Article{ginsberg2009detecting,
  author    = {Ginsberg, Jeremy and Mohebbi, Matthew H and Patel, Rajan S and Brammer, Lynnette and Smolinski, Mark S and Brilliant, Larry},
  title     = {Detecting influenza epidemics using search engine query data},
  journal   = {Nature},
  year      = {2009},
  volume    = {457},
  number    = {7232},
  pages     = {1012--1014},
  publisher = {Nature Publishing Group},
}

@Unpublished{,
  author = {Wikipedia},
  title  = {Personalized Medicine},
  url    = {https://en.wikipedia.org/wiki/Personalized_medicine},
}

@Misc{,
  note = {Vanderbilt University: Introduction to Bioinformatics Course Lectures},
}

@Comment{jabref-meta: databaseType:bibtex;}
